@TechReport{sap:hana:performance_guide,
	publisher = {SAP SE},
	title = {SAP HANA Troubleshooting and Performance Analysis Guide},
	year = {2016},
	month = {11},
	day = {30},
	version = {1.0},
	url = {https://help.sap.com/viewer/bed8c14f9f024763b0777aa72b5436f6/2.0.00/en-US}
}
@TechReport{ieee:ruleBasedSystemAndNetworks,
	publisher = {IEEE},
	title = {Rule Based Systems and Networks},
	subtitle = {Deterministic and fuzzy approaches},
	author = {Liu, Han and Gegov, Alexander},
	year = {2016}
}
@TechReport{itwissen:expertensysteme,
	publisher = {ITWissen},
	title = {Expertensysteme},
	year = {2012},
	month = {5},
	day = {21},
	url = {http://itwissen.info/Expertensystem-expert-system-XPG.html},
	urldate = {2017-05-16}
}
@Online{managermagazin:datensammlung,
	publisher = {manager magazin},
	title = {Drei Dinge, die Sie 체ber Big Data wissen sollten},
	year = {2016},
	month = {10},
	day = {21},
	url = {http://manager-magazin.de/unternehmen/it/big-data-3-dinge-die-sie-ueber-die-datensammlung-wissen-sollten-a-1071611.html},
	urldate = {2017-05-16}
	}
@Inbook{Ovtcharova2006,
author="Ovtcharova, Jivka
and Mahl, Alexander
and Krikler, Robert",
editor="Wang, Kesheng
and Kovacs, George L.
and Wozny, Michael
and Fang, Minglun",
title="Approach for a Rule Based System for Capturing and Usage of Knowledge in the Manufacturing Industry",
bookTitle="Knowledge Enterprise: Intelligent Strategies in Product Design, Manufacturing, and Management: Proceedings of PROLAMAT 2006, IFIP TC5 International Conference, June 15--17, 2006, Shanghai, China",
year="2006",
publisher="Springer US",
address="Boston, MA    ",
pages="134--143",
isbn="978-0-387-34403-4"
}
@Article{Mahl2007,
author="Mahl, Alexander
and Krikler, Robert",
title="Approach for a rule based system for capturing and usage of knowledge in the manufacturing industry",
journal="Journal of Intelligent Manufacturing",
year="2007",
volume="18",
number="4",
pages="519--526",
issn="1572-8145"
}
@Article{Hayes-Roth:1985:RS:4284.4286,
 author = {Hayes-Roth, Frederick},
 title = {Rule-based Systems},
 journal = {Commun. ACM},
 volume = {28},
 number = {9},
 month = {9},
 year = {1985},
 issn = {0001-0782},
 pages = {921--932},
 numpages = {12},
 url = {http://doi.acm.org/10.1145/4284.4286},
 doi = {10.1145/4284.4286},
 acmid = {4286},
 publisher = {ACM},
 address = {New York, NY, USA},
}
@Online{HSAugsburg:RuleEngine,
title = {Rule Engine},
url = {https://glossar.hs-augsburg.de/Rule_Engine},
urldate = {2017-05-17}
}
@Article{BauBiologen:Schimmelvermeiden,
title = {Schimmel vermeiden - Feuchte vertreiben},
publisher = {Berufsverband Deutscher Baubiologen e.V.},
year = {2014},
month = {11},
day = {17},
url = {http://baubiologie.net/home/news/article/schimmel-vermeiden-feuchte-vertreiben.html},
urldate = {2017-05-17}
}
@Online{raumluft:Innenraumklimatologie,
title = {Innenraumklimatologie},
url = {http://raumluft.linux47.webhome.at/gesunde-raumluft/innenraumklimatologie},
urldate = {2017-05-17}
}
@Online{raumluft:InnenluftqualitaetundGesundheit,
title = {Innenluftqualit채t und Gesundheit},
publisher = {Peter Tappler, IBO},
url = {http://raumluft.org/fileadmin/dokumente/raumluft.org_-_Info_Luftqualitaet_V_2.1.pdf},
urldate = {2017-05-18}
}
@Online{raumluft:Luftmengen,
title = {Luftmengen - Luftfeuchte},
publisher = {Peter Tappler, IBO},
url = {http://www.raumluft.org/fileadmin/dokumente/raumluft.org_-_Info_Luftmenge.pdf},
urldate = {2017-05-18}
}
@Inbook{Raumklimatechnik,
author="Fitzner, Klaus",
title="Luftaustausch und Leistungsf채higkeit",
subtitle = "Band 2: Raumluft- und Raumk체hltechnik",
bookTitle="Raumklimatechnik",
year="2008",
publisher="Springer-Verlag Berlin Heidelberg",
pages="734--736"
}

